%YAML 1.1
%TAG !u! tag:unity3d.com,2011:
--- !u!1 &664116764990072270
GameObject:
  m_ObjectHideFlags: 0
  m_CorrespondingSourceObject: {fileID: 0}
  m_PrefabInstance: {fileID: 0}
  m_PrefabAsset: {fileID: 0}
  serializedVersion: 6
  m_Component:
  - component: {fileID: 179222599722418036}
  - component: {fileID: 5694351888630982472}
  - component: {fileID: 3090543345125530622}
  m_Layer: 0
  m_Name: Enemy
  m_TagString: Enemy
  m_Icon: {fileID: 0}
  m_NavMeshLayer: 0
  m_StaticEditorFlags: 0
  m_IsActive: 1
--- !u!4 &179222599722418036
Transform:
  m_ObjectHideFlags: 0
  m_CorrespondingSourceObject: {fileID: 0}
  m_PrefabInstance: {fileID: 0}
  m_PrefabAsset: {fileID: 0}
  m_GameObject: {fileID: 664116764990072270}
  m_LocalRotation: {x: 0, y: 0, z: 0, w: 1}
  m_LocalPosition: {x: 0, y: 0, z: 0}
  m_LocalScale: {x: 1, y: 1, z: 1}
  m_Children:
  - {fileID: 4666777313988022410}
  - {fileID: 7766788558238781222}
  - {fileID: 7246957431389454060}
  m_Father: {fileID: 0}
  m_RootOrder: 0
  m_LocalEulerAnglesHint: {x: 0, y: 0, z: 0}
--- !u!114 &5694351888630982472
MonoBehaviour:
  m_ObjectHideFlags: 0
  m_CorrespondingSourceObject: {fileID: 0}
  m_PrefabInstance: {fileID: 0}
  m_PrefabAsset: {fileID: 0}
  m_GameObject: {fileID: 664116764990072270}
  m_Enabled: 1
  m_EditorHideFlags: 0
  m_Script: {fileID: 11500000, guid: 433d5828fc755f346af79c6a042bd772, type: 3}
  m_Name: 
  m_EditorClassIdentifier: 
  Barrels:
  - {fileID: 4666777313988022410}
  - {fileID: 7246957431389454060}
  Bullet: {fileID: 8270191078286764332, guid: a0840bbaae1aa59469e4f19ea5a8b2e2, type: 3}
  Player: {fileID: 0}
  animator: {fileID: 4407055770434786652}
  BulletSpeed: 50
  DespawnTime: 3
  LoadingTime: 2
  Range: 50
  WaitBeforeNextShot: 0.35
--- !u!136 &3090543345125530622
CapsuleCollider:
  m_ObjectHideFlags: 0
  m_CorrespondingSourceObject: {fileID: 0}
  m_PrefabInstance: {fileID: 0}
  m_PrefabAsset: {fileID: 0}
  m_GameObject: {fileID: 664116764990072270}
  m_Material: {fileID: 0}
  m_IsTrigger: 1
  m_Enabled: 1
  m_Radius: 1.5
  m_Height: 7
  m_Direction: 1
  m_Center: {x: 0, y: 3.5, z: 0}
--- !u!1 &3406968800532168941
GameObject:
  m_ObjectHideFlags: 0
  m_CorrespondingSourceObject: {fileID: 0}
  m_PrefabInstance: {fileID: 0}
  m_PrefabAsset: {fileID: 0}
  serializedVersion: 6
  m_Component:
  - component: {fileID: 4666777313988022410}
  m_Layer: 0
  m_Name: Viseur Droite
  m_TagString: Untagged
  m_Icon: {fileID: 0}
  m_NavMeshLayer: 0
  m_StaticEditorFlags: 0
  m_IsActive: 1
--- !u!4 &4666777313988022410
Transform:
  m_ObjectHideFlags: 0
  m_CorrespondingSourceObject: {fileID: 0}
  m_PrefabInstance: {fileID: 0}
  m_PrefabAsset: {fileID: 0}
  m_GameObject: {fileID: 3406968800532168941}
  m_LocalRotation: {x: 0, y: 0, z: 0, w: 1}
  m_LocalPosition: {x: 0.92, y: 3.62, z: 0.33}
  m_LocalScale: {x: 1, y: 1, z: 1}
  m_Children: []
  m_Father: {fileID: 179222599722418036}
  m_RootOrder: 0
  m_LocalEulerAnglesHint: {x: 0, y: 0, z: 0}
--- !u!1 &4300389139714407022
GameObject:
  m_ObjectHideFlags: 0
  m_CorrespondingSourceObject: {fileID: 0}
  m_PrefabInstance: {fileID: 0}
  m_PrefabAsset: {fileID: 0}
  serializedVersion: 6
  m_Component:
  - component: {fileID: 7246957431389454060}
  m_Layer: 0
  m_Name: Viseur Gauche
  m_TagString: Untagged
  m_Icon: {fileID: 0}
  m_NavMeshLayer: 0
  m_StaticEditorFlags: 0
  m_IsActive: 1
--- !u!4 &7246957431389454060
Transform:
  m_ObjectHideFlags: 0
  m_CorrespondingSourceObject: {fileID: 0}
  m_PrefabInstance: {fileID: 0}
  m_PrefabAsset: {fileID: 0}
  m_GameObject: {fileID: 4300389139714407022}
  m_LocalRotation: {x: 0, y: 0, z: 0, w: 1}
  m_LocalPosition: {x: -1.09, y: 3.62, z: 0.33}
  m_LocalScale: {x: 1, y: 1, z: 1}
  m_Children: []
  m_Father: {fileID: 179222599722418036}
  m_RootOrder: 2
  m_LocalEulerAnglesHint: {x: 0, y: 0, z: 0}
--- !u!1001 &7801242215637412045
PrefabInstance:
  m_ObjectHideFlags: 0
  serializedVersion: 2
  m_Modification:
    m_TransformParent: {fileID: 179222599722418036}
    m_Modifications:
    - target: {fileID: -8679921383154817045, guid: 0add01a94383ccf479a253775d53ea80,
        type: 3}
      propertyPath: m_RootOrder
      value: 1
      objectReference: {fileID: 0}
    - target: {fileID: -8679921383154817045, guid: 0add01a94383ccf479a253775d53ea80,
        type: 3}
      propertyPath: m_LocalPosition.x
      value: 0
      objectReference: {fileID: 0}
    - target: {fileID: -8679921383154817045, guid: 0add01a94383ccf479a253775d53ea80,
        type: 3}
      propertyPath: m_LocalPosition.y
      value: 0
      objectReference: {fileID: 0}
    - target: {fileID: -8679921383154817045, guid: 0add01a94383ccf479a253775d53ea80,
        type: 3}
      propertyPath: m_LocalPosition.z
      value: 0
      objectReference: {fileID: 0}
    - target: {fileID: -8679921383154817045, guid: 0add01a94383ccf479a253775d53ea80,
        type: 3}
      propertyPath: m_LocalRotation.w
      value: 1
      objectReference: {fileID: 0}
    - target: {fileID: -8679921383154817045, guid: 0add01a94383ccf479a253775d53ea80,
        type: 3}
      propertyPath: m_LocalRotation.x
      value: 0
      objectReference: {fileID: 0}
    - target: {fileID: -8679921383154817045, guid: 0add01a94383ccf479a253775d53ea80,
        type: 3}
      propertyPath: m_LocalRotation.y
      value: 0
      objectReference: {fileID: 0}
    - target: {fileID: -8679921383154817045, guid: 0add01a94383ccf479a253775d53ea80,
        type: 3}
      propertyPath: m_LocalRotation.z
      value: 0
      objectReference: {fileID: 0}
    - target: {fileID: -8679921383154817045, guid: 0add01a94383ccf479a253775d53ea80,
        type: 3}
      propertyPath: m_LocalEulerAnglesHint.x
      value: 0
      objectReference: {fileID: 0}
    - target: {fileID: -8679921383154817045, guid: 0add01a94383ccf479a253775d53ea80,
        type: 3}
      propertyPath: m_LocalEulerAnglesHint.y
      value: 0
      objectReference: {fileID: 0}
    - target: {fileID: -8679921383154817045, guid: 0add01a94383ccf479a253775d53ea80,
        type: 3}
      propertyPath: m_LocalEulerAnglesHint.z
      value: 0
      objectReference: {fileID: 0}
    - target: {fileID: 919132149155446097, guid: 0add01a94383ccf479a253775d53ea80,
        type: 3}
      propertyPath: m_Name
      value: Ennemy_idle
      objectReference: {fileID: 0}
    - target: {fileID: 5866666021909216657, guid: 0add01a94383ccf479a253775d53ea80,
        type: 3}
      propertyPath: m_Controller
      value: 
      objectReference: {fileID: 9100000, guid: 28d2b75d67c90704bb996209e2fa3a07, type: 2}
    m_RemovedComponents: []
  m_SourcePrefab: {fileID: 100100000, guid: 0add01a94383ccf479a253775d53ea80, type: 3}
--- !u!4 &7766788558238781222 stripped
Transform:
  m_CorrespondingSourceObject: {fileID: -8679921383154817045, guid: 0add01a94383ccf479a253775d53ea80,
    type: 3}
  m_PrefabInstance: {fileID: 7801242215637412045}
  m_PrefabAsset: {fileID: 0}
--- !u!95 &4407055770434786652 stripped
Animator:
  m_CorrespondingSourceObject: {fileID: 5866666021909216657, guid: 0add01a94383ccf479a253775d53ea80,
    type: 3}
  m_PrefabInstance: {fileID: 7801242215637412045}
  m_PrefabAsset: {fileID: 0}
